@article{zwietering1990modeling,
  title={Modeling of the bacterial growth curve},
  author={Zwietering, Marcel H and Jongenburger, Ida and Rombouts, Frank M and Van't Riet, KJAEM},
  journal={Applied and environmental microbiology},
  volume={56},
  number={6},
  pages={1875--1881},
  year={1990},
  publisher={Am Soc Microbiol}
}

@article{TSOULARIS200221,
title = {Analysis of logistic growth models},
journal = {Mathematical Biosciences},
volume = {179},
number = {1},
pages = {21-55},
year = {2002},
issn = {0025-5564},
doi = {https://doi.org/10.1016/S0025-5564(02)00096-2},
url = {https://www.sciencedirect.com/science/article/pii/S0025556402000962},
author = {A. Tsoularis and J. Wallace},
keywords = {Biological growth dynamics, Logistic growth, Generalized logistic growth, Inflection point, Incomplete beta function, Beta function, Gamma function, Mimimax, Saddle curve, Finite difference method},
publisher={Elsevier}
}
@article{preston1948commonness,
  title={The commonness, and rarity, of species},
  author={Preston, Frank W},
  journal={Ecology},
  volume={29},
  number={3},
  pages={254--283},
  year={1948},
  publisher={JSTOR}
}
@article{johnson2004model,
  title={Model selection in ecology and evolution},
  author={Johnson, Jerald B and Omland, Kristian S},
  journal={Trends in ecology \& evolution},
  volume={19},
  number={2},
  pages={101--108},
  year={2004},
  publisher={Elsevier}
}
@article{levins1966strategy,
  title={The strategy of model building in population biology},
  author={Levins, Richard},
  journal={American scientist},
  volume={54},
  number={4},
  pages={421--431},
  year={1966},
  publisher={JSTOR}
}
